@article{vaswani2017attention,
  title={Attention is all you need},
  author={Vaswani, Ashish and Shazeer, Noam and Parmar, Niki and Uszkoreit, Jakob and Jones, Llion and Gomez, Aidan N and Kaiser, {\L}ukasz and Polosukhin, Illia},
  journal={Advances in neural information processing systems},
  volume={30},
  year={2017}
}

@article{brown2020language,
  title={Language models are few-shot learners},
  author={Brown, Tom and Mann, Benjamin and Ryder, Nick and Subbiah, Melanie and Kaplan, Jared D and Dhariwal, Prafulla and Neelakantan, Arvind and Shyam, Pranav and Sastry, Girish and Askell, Amanda and others},
  journal={Advances in neural information processing systems},
  volume={33},
  pages={1877--1901},
  year={2020}
}

@article{touvron2023llama,
  title={Llama: Open and efficient foundation language models},
  author={Touvron, Hugo and Lavril, Thibaut and Izacard, Gautier and Martinet, Xavier and Lachaux, Marie-Anne and Lacroix, Timoth{\'e}e and Rozi{\`e}re, Baptiste and Goyal, Naman and Hambro, Eric and Azhar, Faisal and others},
  journal={arXiv preprint arXiv:2302.13971},
  year={2023}
}

@inproceedings{kwon2023efficient,
  title={Efficient memory management for large language model serving with pagedattention},
  author={Kwon, Woosuk and Li, Zhuohan and Zhuang, Siyuan and Sheng, Ying and Zheng, Lianmin and Yu, Cody Hao and Gonzalez, Joseph and Zhang, Hao and Stoica, Ion},
  booktitle={Proceedings of the 29th Symposium on Operating Systems Principles},
  pages={611--626},
  year={2023}
}

@article{dao2022flashattention,
  title={Flashattention: Fast and memory-efficient exact attention with io-awareness},
  author={Dao, Tri and Fu, Dan and Ermon, Stefano and Rudra, Atri and R{\'e}, Christopher},
  journal={Advances in Neural Information Processing Systems},
  volume={35},
  pages={16344--16359},
  year={2022}
}

@article{zhang2024h2o,
  title={H2O: Heavy-hitter oracle for efficient generative inference of large language models},
  author={Zhang, Zhenyu and Sheng, Ying and Zhou, Tianyi and Chen, Tianlong and Zheng, Lianmin and Cai, Ruisi and Song, Zhao and Tian, Yuandong and R{\'e}, Christopher and Barrett, Clark and others},
  journal={Advances in Neural Information Processing Systems},
  volume={36},
  year={2024}
}

@article{xiao2023streamingllm,
  title={Efficient streaming language models with attention sinks},
  author={Xiao, Guangxuan and Tian, Yuandong and Chen, Beidi and Han, Song and Lewis, Mike},
  journal={arXiv preprint arXiv:2309.17453},
  year={2023}
}

@article{liu2024scissorhands,
  title={Scissorhands: Exploiting the persistence of importance hypothesis for llm kv cache compression at test time},
  author={Liu, Zichang and Desai, Aditya and Liao, Fangshuo and Wang, Weitao and Xie, Victor and Xu, Zhaozhuo and Kyrillidis, Anastasios and Shrivastava, Anshumali},
  journal={arXiv preprint arXiv:2305.17118},
  year={2024}
}

@article{liu2024kivi,
  title={KIVI: Plug-and-play 2bit KV cache quantization with streaming asymmetric quantization},
  author={Liu, Zirui and Yuan, Jiayi and Jin, Hongye and Zhong, Shaochen and Xu, Zhaozhuo and Braverman, Vladimir and Chen, Beidi and Hu, Xia},
  journal={arXiv preprint arXiv:2402.02750},
  year={2024}
}

@article{hooper2024kvquant,
  title={KVQuant: Towards 10 million context length llm inference with kv cache quantization},
  author={Hooper, Coleman and Kim, Sehoon and Mohammadzadeh, Hiva and Mahoney, Michael W and Shao, Yakun Sophia and Keutzer, Kurt and Gholami, Amir},
  journal={arXiv preprint arXiv:2401.18079},
  year={2024}
}

@article{zhao2024atom,
  title={Atom: Low-bit quantization for efficient and accurate llm serving},
  author={Zhao, Yilong and Wan, Chien-Yu and Shao, Yanfeng and Li, Ang and Qian, Zhikang and Zhou, Minlan and Zhang, Jun},
  journal={arXiv preprint arXiv:2310.19102},
  year={2024}
}

@article{bai2023longbench,
  title={Longbench: A bilingual, multitask benchmark for long context understanding},
  author={Bai, Yushi and Lv, Xin and Zhang, Jiajie and Lyu, Hongchang and Tang, Jiankai and Huang, Zhidian and Du, Zhengxiao and Liu, Xiao and Zeng, Aohan and Hou, Lei and others},
  journal={arXiv preprint arXiv:2308.14508},
  year={2023}
}

@article{qwen2023,
  title={Qwen technical report},
  author={Qwen Team},
  journal={arXiv preprint arXiv:2309.16609},
  year={2023}
}

@article{frantar2022gptq,
  title={GPTQ: Accurate post-training quantization for generative pre-trained transformers},
  author={Frantar, Elias and Ashkboos, Saleh and Hoefler, Torsten and Alistarh, Dan},
  journal={arXiv preprint arXiv:2210.17323},
  year={2022}
}

@article{dettmers2022llm,
  title={LLM. int8 (): 8-bit matrix multiplication for transformers at scale},
  author={Dettmers, Tim and Lewis, Mike and Belkada, Younes and Zettlemoyer, Luke},
  journal={arXiv preprint arXiv:2208.07339},
  year={2022}
}

@inproceedings{sheng2023flexgen,
  title={Flexgen: High-throughput generative inference of large language models with a single gpu},
  author={Sheng, Ying and Zheng, Lianmin and Yuan, Binhang and Li, Zhuohan and Ryabinin, Max and Chen, Beidi and Liang, Percy and R{\'e}, Christopher and Stoica, Ion and Zhang, Ce},
  booktitle={International Conference on Machine Learning},
  pages={31094--31116},
  year={2023},
  organization={PMLR}
}

@article{pope2022efficiently,
  title={Efficiently scaling transformer inference},
  author={Pope, Reiner and Douglas, Sholto and Chowdhery, Aakanksha and Devlin, Jacob and Bradbury, James and Heek, Jonathan and Xiao, Kefan and Agrawal, Shivani and Dean, Jeff},
  journal={Proceedings of Machine Learning and Systems},
  volume={5},
  year={2023}
}

@article{ainslie2023gqa,
  title={GQA: Training generalized multi-query transformer models from multi-head checkpoints},
  author={Ainslie, Joshua and Lee-Thorp, James and de Jong, Michiel and Zemlyanskiy, Yury and Lebr{\'o}n, Federico and Sanghai, Sumit},
  journal={arXiv preprint arXiv:2305.13245},
  year={2023}
}

@article{child2019generating,
  title={Generating long sequences with sparse transformers},
  author={Child, Rewon and Gray, Scott and Radford, Alec and Sutskever, Ilya},
  journal={arXiv preprint arXiv:1904.10509},
  year={2019}
}

@article{beltagy2020longformer,
  title={Longformer: The long-document transformer},
  author={Beltagy, Iz and Peters, Matthew E and Cohan, Arman},
  journal={arXiv preprint arXiv:2004.05150},
  year={2020}
}
